<collection xmlns="http://www.loc.gov/MARC21/slim">
<record>
  <leader>01373nam0a2200289 i 450 </leader>
  <controlfield tag="001">IT\ICCU\CNCE\076130</controlfield>
  <controlfield tag="005">20110907000000.0</controlfield>
  <datafield tag="012" ind1=" " ind2=" ">
    <subfield code="a">rena tite i.di AcMa (C) 1505 (R)</subfield>
    <subfield code="2">fei</subfield>
  </datafield>
  <datafield tag="100" ind1=" " ind2=" ">
    <subfield code="a">20110803d1505        0itac0103    ba</subfield>
  </datafield>
  <datafield tag="101" ind1=" " ind2=" ">
    <subfield code="a">ITA</subfield>
  </datafield>
  <datafield tag="102" ind1=" " ind2=" ">
    <subfield code="a">IT</subfield>
  </datafield>
  <datafield tag="200" ind1="1" ind2=" ">
    <subfield code="a">Opere del Thebaldeo da Ferrara. Sonetti. cclxxxiii. Dialogo. i. Epistole iii. Egloghe iiii. Disperata. i. Capitoli. xviiii</subfield>
  </datafield>
  <datafield tag="210" ind1=" " ind2=" ">
    <subfield code="e">Impresso in Venetia</subfield>
    <subfield code="g">per me maestro Manfredo de Monteferrato</subfield>
    <subfield code="h">1505 Adi X del mese de Setembre</subfield>
  </datafield>
  <datafield tag="215" ind1=" " ind2=" ">
    <subfield code="a">\44! c.</subfield>
    <subfield code="d">4ʻ</subfield>
  </datafield>
  <datafield tag="620" ind1=" " ind2=" ">
    <subfield code="a">IT</subfield>
    <subfield code="d">Venezia</subfield>
  </datafield>
  <datafield tag="700" ind1=" " ind2="1">
    <subfield code="a">Tebaldeo,</subfield>
    <subfield code="b">Antonio</subfield>
    <subfield code="3">IT\ICCU\CNCA\013357</subfield>
  </datafield>
  <datafield tag="712" ind1="0" ind2="0">
    <subfield code="a">Bonelli, Manfredo</subfield>
    <subfield code="3">IT\ICCU\CNCT\000196</subfield>
    <subfield code="4">650</subfield>
  </datafield>
  <datafield tag="790" ind1=" " ind2="1">
    <subfield code="a">Thebaldeus,</subfield>
    <subfield code="b">Antonius</subfield>
    <subfield code="3">IT\ICCU\CNCA\015605</subfield>
    <subfield code="z">Tebaldeo, Antonio</subfield>
  </datafield>
  <datafield tag="791" ind1="0" ind2="0">
    <subfield code="a">Bon, Manfrin</subfield>
    <subfield code="3">IT\ICCU\CNCT\003048</subfield>
    <subfield code="z">Bonelli, Manfredo</subfield>
  </datafield>
  <datafield tag="791" ind1="0" ind2="2">
    <subfield code="a">Manfrino da Monferrato</subfield>
    <subfield code="3">IT\ICCU\CNCT\003049</subfield>
    <subfield code="z">Bonelli, Manfredo</subfield>
  </datafield>
  <datafield tag="791" ind1="0" ind2="2">
    <subfield code="a">Manfredo da Monferrato</subfield>
    <subfield code="3">IT\ICCU\CNCT\003050</subfield>
    <subfield code="z">Bonelli, Manfredo</subfield>
  </datafield>
  <datafield tag="791" ind1="0" ind2="2">
    <subfield code="a">Manfredo de Monteferrato</subfield>
    <subfield code="3">IT\ICCU\CNCT\004710</subfield>
    <subfield code="z">Bonelli, Manfredo</subfield>
  </datafield>
  <datafield tag="791" ind1="0" ind2="0">
    <subfield code="a">Bonellis, Manfredus de</subfield>
    <subfield code="3">IT\ICCU\CNCT\004711</subfield>
    <subfield code="z">Bonelli, Manfredo</subfield>
  </datafield>
  <datafield tag="791" ind1="0" ind2="0">
    <subfield code="a">Bonello, Manfredo de</subfield>
    <subfield code="3">IT\ICCU\CNCT\004713</subfield>
    <subfield code="z">Bonelli, Manfredo</subfield>
  </datafield>
  <datafield tag="791" ind1="0" ind2="0">
    <subfield code="a">Bono, Manfredo</subfield>
    <subfield code="3">IT\ICCU\CNCT\005929</subfield>
    <subfield code="z">Bonelli, Manfredo</subfield>
  </datafield>
  <datafield tag="801" ind1=" " ind2="3">
    <subfield code="a">IT</subfield>
    <subfield code="b">ICCU</subfield>
    <subfield code="c">20201115</subfield>
  </datafield>
  <datafield tag="899" ind1=" " ind2=" ">
    <subfield code="a">Biblioteca nazionale Marciana. Venezia</subfield>
    <subfield code="1">VE0049</subfield>
    <subfield code="2">VEA BM</subfield>
  </datafield>
</record>
</collection>
